<record><leader>00000cas a22000007a 4500</leader><controlfield tag="001">945699173</controlfield><controlfield tag="008">160330d19591959cauen ne      0    0eng c</controlfield><datafield ind1=" " ind2=" " tag="010"><subfield code="a">sn2012271134</subfield></datafield><datafield ind1=" " ind2=" " tag="040"><subfield code="a">CNK</subfield><subfield code="b">eng</subfield><subfield code="c">CNK</subfield><subfield code="d">OCLCO</subfield><subfield code="d">OCLCF</subfield><subfield code="d">OCLCQ</subfield></datafield><datafield ind1=" " ind2=" " tag="042"><subfield code="a">pcc</subfield></datafield><datafield ind1=" " ind2=" " tag="043"><subfield code="a">n-us-ca</subfield></datafield><datafield ind1="0" ind2=" " tag="130"><subfield code="a">Wildcat-a-log (Woodside, Calif.)</subfield></datafield><datafield ind1="1" ind2="0" tag="245"><subfield code="a">Wildcat-a-log.</subfield></datafield><datafield ind1="3" ind2=" " tag="246"><subfield code="a">Wildcatalog</subfield></datafield><datafield ind1=" " ind2=" " tag="260"><subfield code="a">Woodside, Calif. :</subfield><subfield code="b">Woodside High School</subfield></datafield><datafield ind1=" " ind2=" " tag="300"><subfield code="a">volumes</subfield></datafield><datafield ind1=" " ind2=" " tag="310"><subfield code="a">Biweekly (except holidays)</subfield></datafield><datafield ind1=" " ind2=" " tag="336"><subfield code="a">text</subfield><subfield code="b">txt</subfield><subfield code="2">rdacontent</subfield></datafield><datafield ind1=" " ind2=" " tag="337"><subfield code="a">unmediated</subfield><subfield code="b">n</subfield><subfield code="2">rdamedia</subfield></datafield><datafield ind1=" " ind2=" " tag="338"><subfield code="a">volume</subfield><subfield code="b">nc</subfield><subfield code="2">rdacarrier</subfield></datafield><datafield ind1="1" ind2=" " tag="362"><subfield code="a">Ceased in 1959.</subfield></datafield><datafield ind1=" " ind2=" " tag="588"><subfield code="a">Description based on: Vol. 1, no. 3 (June 3, 1959).</subfield></datafield><datafield ind1=" " ind2=" " tag="588"><subfield code="a">Latest issue consulted: Vol. 1, no. 3 (June 3, 1959).</subfield></datafield><datafield ind1=" " ind2="0" tag="650"><subfield code="a">Student newspapers and periodicals</subfield><subfield code="v">Newspapers.</subfield></datafield><datafield ind1=" " ind2="0" tag="651"><subfield code="a">Woodside (Calif.)</subfield><subfield code="v">Newspapers.</subfield></datafield><datafield ind1=" " ind2="7" tag="650"><subfield code="a">Student newspapers and periodicals.</subfield><subfield code="2">fast</subfield><subfield code="0">(OCoLC)fst01135965</subfield></datafield><datafield ind1=" " ind2="7" tag="651"><subfield code="a">California</subfield><subfield code="z">Woodside.</subfield><subfield code="2">fast</subfield><subfield code="0">(OCoLC)fst01215768</subfield></datafield><datafield ind1=" " ind2="7" tag="655"><subfield code="a">Newspapers.</subfield><subfield code="2">fast</subfield><subfield code="0">(OCoLC)fst01423814</subfield></datafield><datafield ind1=" " ind2=" " tag="752"><subfield code="a">United States</subfield><subfield code="b">California</subfield><subfield code="c">San Mateo</subfield><subfield code="d">Woodside.</subfield></datafield><datafield ind1="0" ind2="0" tag="785"><subfield code="t">Woodside world</subfield><subfield code="w">(DLC)sn2012271135</subfield></datafield></record>